{
  "leader": "03623cam a2200481Ii 4500",
  "fields": [
    {
      "001": "ocm31904023\\"
    },
    {
      "003": "OCoLC"
    },
    {
      "005": "20220104131626.0"
    },
    {
      "008": "950130s1964\\\\\\\\nju\\\\\\\\\\\\b\\\\\\\\001\\0\\eng\\d"
    },
    {
      "007": "ta"
    },
    {
      "010": {
        "ind1": "\\",
        "ind2": "\\",
        "subfields": [
          {
            "a": "   64019820 "
          }
        ]
      }
    },
    {
      "040": {
        "ind1": "\\",
        "ind2": "\\",
        "subfields": [
          {
            "a": "FCJ"
          },
          {
            "b": "eng"
          },
          {
            "c": "FCJ"
          },
          {
            "d": "WSU"
          },
          {
            "d": "SER"
          },
          {
            "d": "OCLCQ"
          },
          {
            "d": "NLGGC"
          },
          {
            "d": "UAF"
          },
          {
            "d": "LVB"
          },
          {
            "d": "STF"
          },
          {
            "d": "DEBBG"
          },
          {
            "d": "ZWZ"
          },
          {
            "d": "OCLCQ"
          },
          {
            "d": "CUY"
          },
          {
            "d": "UPM"
          },
          {
            "d": "SZT"
          },
          {
            "d": "OCLCQ"
          },
          {
            "d": "MLN"
          },
          {
            "d": "WNC"
          },
          {
            "d": "OCLCF"
          },
          {
            "d": "OCLCQ"
          },
          {
            "d": "DGU"
          },
          {
            "d": "Y5J"
          },
          {
            "d": "OCLCQ"
          },
          {
            "d": "CSJ"
          },
          {
            "d": "NLC"
          },
          {
            "d": "OCLCQ"
          },
          {
            "d": "TYC"
          },
          {
            "d": "OCLCQ"
          },
          {
            "d": "OL{dollar}"
          },
          {
            "d": "CPO"
          },
          {
            "d": "OCLCQ"
          },
          {
            "d": "REU"
          },
          {
            "d": "IL4J6"
          },
          {
            "d": "OCLCO"
          },
          {
            "d": "YBM"
          },
          {
            "d": "OCLCO"
          },
          {
            "d": "UKMGB"
          },
          {
            "d": "EZ9"
          },
          {
            "d": "CHUNN"
          }
        ]
      }
    },
    {
      "016": {
        "ind1": "\\",
        "ind2": "\\",
        "subfields": [
          {
            "a": "(AMICUS)000004403864"
          }
        ]
      }
    },
    {
      "016": {
        "ind1": "7",
        "ind2": "\\",
        "subfields": [
          {
            "a": "003630197"
          },
          {
            "2": "Uk"
          }
        ]
      }
    },
    {
      "019": {
        "ind1": "\\",
        "ind2": "\\",
        "subfields": [
          {
            "a": "173189"
          },
          {
            "a": "87666346"
          },
          {
            "a": "213763848"
          },
          {
            "a": "776578004"
          },
          {
            "a": "1170084408"
          },
          {
            "a": "1243825138"
          },
          {
            "a": "1248469700"
          }
        ]
      }
    },
    {
      "035": {
        "ind1": "\\",
        "ind2": "\\",
        "subfields": [
          {
            "a": "(OCoLC)31904023"
          },
          {
            "z": "(OCoLC)173189"
          },
          {
            "z": "(OCoLC)87666346"
          },
          {
            "z": "(OCoLC)213763848"
          },
          {
            "z": "(OCoLC)776578004"
          },
          {
            "z": "(OCoLC)1170084408"
          },
          {
            "z": "(OCoLC)1243825138"
          },
          {
            "z": "(OCoLC)1248469700"
          }
        ]
      }
    },
    {
      "043": {
        "ind1": "\\",
        "ind2": "\\",
        "subfields": [
          {
            "a": "d------"
          }
        ]
      }
    },
    {
      "050": {
        "ind1": "0",
        "ind2": "4",
        "subfields": [
          {
            "a": "HC59"
          },
          {
            "b": ".T515"
          }
        ]
      }
    },
    {
      "055": {
        "ind1": "\\",
        "ind2": "1",
        "subfields": [
          {
            "a": "HC59.T515"
          }
        ]
      }
    },
    {
      "060": {
        "ind1": "\\",
        "ind2": "4",
        "subfields": [
          {
            "a": "500052295"
          }
        ]
      }
    },
    {
      "082": {
        "ind1": "0",
        "ind2": "4",
        "subfields": [
          {
            "a": "330.904"
          },
          {
            "b": "THI"
          }
        ]
      }
    },
    {
      "245": {
        "ind1": "0",
        "ind2": "4",
        "subfields": [
          {
            "a": "The Third world in Soviet perspective :"
          },
          {
            "b": "studies by Soviet writers on the developing areas /"
          },
          {
            "c": "edited, with an introduction by Thomas Perry Thornton."
          }
        ]
      }
    },
    {
      "260": {
        "ind1": "\\",
        "ind2": "\\",
        "subfields": [
          {
            "a": "Princeton, N.J.,"
          },
          {
            "b": "Princeton University Press,"
          },
          {
            "c": "1964."
          }
        ]
      }
    },
    {
      "300": {
        "ind1": "\\",
        "ind2": "\\",
        "subfields": [
          {
            "a": "xx, 355 pages"
          },
          {
            "c": "23 cm."
          }
        ]
      }
    },
    {
      "336": {
        "ind1": "\\",
        "ind2": "\\",
        "subfields": [
          {
            "a": "text"
          },
          {
            "b": "txt"
          },
          {
            "2": "rdacontent"
          }
        ]
      }
    },
    {
      "337": {
        "ind1": "\\",
        "ind2": "\\",
        "subfields": [
          {
            "a": "unmediated"
          },
          {
            "b": "n"
          },
          {
            "2": "rdamedia"
          }
        ]
      }
    },
    {
      "338": {
        "ind1": "\\",
        "ind2": "\\",
        "subfields": [
          {
            "a": "volume"
          },
          {
            "b": "nc"
          },
          {
            "2": "rdacarrier"
          }
        ]
      }
    },
    {
      "340": {
        "ind1": "\\",
        "ind2": "\\",
        "subfields": [
          {
            "m": "8vo."
          },
          {
            "2": "rdabf"
          }
        ]
      }
    },
    {
      "490": {
        "ind1": "1",
        "ind2": "\\",
        "subfields": [
          {
            "a": "Publications / Princeton. University. Center of International Studies"
          }
        ]
      }
    },
    {
      "504": {
        "ind1": "\\",
        "ind2": "\\",
        "subfields": [
          {
            "a": "Includes bibliographical references (pages 333-343) and index."
          }
        ]
      }
    },
    {
      "520": {
        "ind1": "\\",
        "ind2": "\\",
        "subfields": [
          {
            "a": "Soviet view of the nonaligned nations giving translations of selections from Russian scholars in the field."
          }
        ]
      }
    },
    {
      "505": {
        "ind1": "0",
        "ind2": "\\",
        "subfields": [
          {
            "a": "Stalin's theory of colonial revolution and the national liberation movement in tropical and South Africa / I.I. Potekhin -- The National Liberation Movement of the Peoples against Imperialism -- Introduction to Indonesia / A.A. Gruber -- The 20th Congress of the CPSU and problems of studying the contemporary east -- The study of Latin America in the Soviet Union / S.S. Mikhaylov -- The problem of economic independence / L. Stepanov -- Some of the problems of the economic independence of the countries of Latin America / M. Grechev -- The position of the Southeast Asian countries in the world capitalist market / M. Pankin -- Peculiarities in the composition and structure of the working class in the economically underdeveloped countries of Asia and Africa (The example of India and the UAR) / L.A. Gordon and L.A. Fridman -- Agrarian reforms in the countries of the Near and Middle East, India, and Southeast Asia / R.A. Ul'yanovskiy -- Land relationships in the countries of Africa / I.I. Potekhin -- Some problems of the establishment of national states in the independent African countries / Yu A. Yudin -- Class structure in the underdeveloped countries / R. Avakov and G. Mirskiy -- Imperialism and the ideology of national reformism in Latin America / A. Shul'govskiy."
          }
        ]
      }
    },
    {
      "650": {
        "ind1": "\\",
        "ind2": "0",
        "subfields": [
          {
            "a": "Newly independent states."
          }
        ]
      }
    },
    {
      "651": {
        "ind1": "\\",
        "ind2": "0",
        "subfields": [
          {
            "a": "Developing countries."
          }
        ]
      }
    },
    {
      "650": {
        "ind1": "\\",
        "ind2": "7",
        "subfields": [
          {
            "a": "Newly independent states."
          },
          {
            "2": "fast"
          },
          {
            "0": "(OCoLC)fst01037001"
          }
        ]
      }
    },
    {
      "651": {
        "ind1": "\\",
        "ind2": "7",
        "subfields": [
          {
            "a": "Developing countries."
          },
          {
            "2": "fast"
          },
          {
            "0": "(OCoLC)fst01242969"
          }
        ]
      }
    },
    {
      "700": {
        "ind1": "1",
        "ind2": "\\",
        "subfields": [
          {
            "a": "Thornton, Thomas Perry,"
          },
          {
            "e": "editor,"
          },
          {
            "e": "writer of introduction."
          }
        ]
      }
    },
    {
      "776": {
        "ind1": "0",
        "ind2": "8",
        "subfields": [
          {
            "i": "Online version:"
          },
          {
            "t": "Third world in soviet perspective."
          },
          {
            "d": "Princeton, N.J., Princeton University Press, 1964"
          },
          {
            "w": "(OCoLC)579553002"
          }
        ]
      }
    },
    {
      "830": {
        "ind1": "\\",
        "ind2": "0",
        "subfields": [
          {
            "a": "Publications / Princeton. University. Center of International Studies."
          }
        ]
      }
    },
    {
      "856": {
        "ind1": "4",
        "ind2": "2",
        "subfields": [
          {
            "u": "https://old.library.georgetown.edu/reserves/004514793.pdf"
          },
          {
            "z": "CONNECT TO TABLE OF CONTENTS"
          }
        ]
      }
    },
    {
      "994": {
        "ind1": "\\",
        "ind2": "\\",
        "subfields": [
          {
            "a": "Z0"
          },
          {
            "b": "NYRVC"
          }
        ]
      }
    },
    {
      "948": {
        "ind1": "\\",
        "ind2": "\\",
        "subfields": [
          {
            "h": "NO HOLDINGS IN NYRVC - 504 OTHER HOLDINGS"
          }
        ]
      }
    },
    {
      "999": {
        "ind1": "\\",
        "ind2": "\\",
        "subfields": [
          {
            "a": "00000000015184"
          }
        ]
      }
    }
  ]
}